@online{grooveshark,
title = {Grooveshark},
url = { http://www.grooveshark.com},
}
